
\bibitem{Rodgers}
	Роджерс Д. Алгоритмические основы машинной графики. - 1-е изд. - Москва: Мир, 1989. - 512 с.



https://moluch.ru/archive/294/66793/?ysclid=lplohpgf4b711269405
@misc{compgraph_usage,
  title        = "Компьютерная графика и сферы ее применения",
  howpublished = "Режим доступа: \url{https://moluch.ru/archive/294/66793/?ysclid=lplohpgf4b711269405} (дата обращения 01.12.23)."
}


@inbook{Rodgers,
  author         = "Дэвид Роджерс",
  pages          = "512",
  publisher      = "Издательство «Мир». Редакция литературы по математическим наукам",
  title          = "Алгоритмические основы машинной графики",
  year           = "1989"
}


@misc{global_model,
	title="Модель глобального освещения с трассировкой лучей [Электронный ресурс].",
	howpublished="Режим доступа: \url{https://vunivere.ru/work71759/page3} (дата обращения 15.07.23)."
}

@misc{modern_ray_tracing,
	title="Современное состояние методов расчета глобальной освещенности в задачах реалистичной компьютерной графики [Электронный ресурс].",
	howpublished="Режим доступа: \url{https://cyberleninka.ru/article/n/sovremennoe-sostoyanie-metodov-raschyota-globalnoy-osveschyonnosti-v-zadachah-realistichnoy-kompyuternoy-grafiki/viewer} (дата обращения 15.07.23)."
}



@misc{SSR,
	title="Screen Space Reflection Techniques [Электронный ресурс].",
	howpublished="Режим доступа: \url{https://ourspace.uregina.ca/handle/10294/9245} (дата обращения 15.07.23)."
}


@misc{reflexion_types,
	title="Отражение в играх. Как работают, различия и развитие технологий [Электронный ресурс].",
	howpublished="Режим доступа: \url{https://clck.ru/34zZCf} (дата обращения 15.07.23)."
}


@misc{simple_reflexion_types,
	title="Простые модели освещения  [Электронный ресурс].",
	howpublished="Режим доступа: \url{https://grafika.me/node/344} (дата обращения 15.07.23)."
}


@misc{primitives_raytracing_equations,
	title="Простые модели освещения  [Электронный ресурс].",
	howpublished="Режим доступа: \url{https://www.cl.cam.ac.uk/teaching/1999/AGraphHCI/SMAG/node2.html} (дата обращения 20.07.23)."
}


@misc{perspective_raytracing,
	title="Ray tracing  [Электронный ресурс].",
	howpublished="Режим доступа: \url{https://www.mauriciopoppe.com/notes/computer-graphics/ray-tracing/} (дата обращения 23.07.23)."
}
















